@ARTICLE{Civano2016,
    author = {{Civano}, F. and {Marchesi}, S. and {Comastri}, A. and {Urry}, M.~C. and 
 	{Elvis}, M. and {Cappelluti}, N. and {Puccetti}, S. and {Brusa}, M. and 
 	{Zamorani}, G. and {Hasinger}, G. and {Aldcroft}, T. and {Alexander}, D.~M. and 
 	{Allevato}, V. and {Brunner}, H. and {Capak}, P. and {Finoguenov}, A. and 
 	{Fiore}, F. and {Fruscione}, A. and {Gilli}, R. and {Glotfelty}, K. and 
 	{Griffiths}, R.~E. and {Hao}, H. and {Harrison}, F.~A. and {Jahnke}, K. and 
 	{Kartaltepe}, J. and {Karim}, A. and {LaMassa}, S.~M. and {Lanzuisi}, G. and 
 	{Miyaji}, T. and {Ranalli}, P. and {Salvato}, M. and {Sargent}, M. and 
 	{Scoville}, N.~J. and {Schawinski}, K. and {Schinnerer}, E. and 
 	{Silverman}, J. and {Smolcic}, V. and {Stern}, D. and {Toft}, S. and 
 	{Trakhtenbrot}, B. and {Treister}, E. and {Vignali}, C.},
     title = "{The Chandra Cosmos Legacy Survey: Overview and Point Source Catalog}",
   journal = {\apj},
 archivePrefix = "arXiv",
    eprint = {1601.00941},
  keywords = {catalogs, cosmology: observations, galaxies: evolution, quasars: general, surveys, X-rays: general},
      year = 2016,
     month = mar,
    volume = 819,
       eid = {62},
     pages = {62},
       doi = {10.3847/0004-637X/819/1/62},
    adsurl = {http://adsabs.harvard.edu/abs/2016ApJ...819...62C},
   adsnote = {Provided by the SAO/NASA Astrophysics Data System}
 }

 @ARTICLE{Lehmer2005,
    author = {{Lehmer}, B.~D. and {Brandt}, W.~N. and {Alexander}, D.~M. and 
 	{Bauer}, F.~E. and {Schneider}, D.~P. and {Tozzi}, P. and {Bergeron}, J. and 
 	{Garmire}, G.~P. and {Giacconi}, R. and {Gilli}, R. and {Hasinger}, G. and 
 	{Hornschemeier}, A.~E. and {Koekemoer}, A.~M. and {Mainieri}, V. and 
 	{Miyaji}, T. and {Nonino}, M. and {Rosati}, P. and {Silverman}, J.~D. and 
 	{Szokoly}, G. and {Vignali}, C.},
     title = "{The Extended Chandra Deep Field-South Survey: Chandra Point-Source Catalogs}",
   journal = {\apjs},
    eprint = {astro-ph/0506607},
  keywords = {Cosmology: Observations, Cosmology: Diffuse Radiation, Galaxies: Active, Surveys, X-Rays},
      year = 2005,
     month = nov,
    volume = 161,
     pages = {21-40},
       doi = {10.1086/444590},
    adsurl = {http://adsabs.harvard.edu/abs/2005ApJS..161...21L},
   adsnote = {Provided by the SAO/NASA Astrophysics Data System}
 }

 @ARTICLE{Xue2011,
    author = {{Xue}, Y.~Q. and {Luo}, B. and {Brandt}, W.~N. and {Bauer}, F.~E. and 
 	{Lehmer}, B.~D. and {Broos}, P.~S. and {Schneider}, D.~P. and 
 	{Alexander}, D.~M. and {Brusa}, M. and {Comastri}, A. and {Fabian}, A.~C. and 
 	{Gilli}, R. and {Hasinger}, G. and {Hornschemeier}, A.~E. and 
 	{Koekemoer}, A. and {Liu}, T. and {Mainieri}, V. and {Paolillo}, M. and 
 	{Rafferty}, D.~A. and {Rosati}, P. and {Shemmer}, O. and {Silverman}, J.~D. and 
 	{Smail}, I. and {Tozzi}, P. and {Vignali}, C.},
     title = "{The Chandra Deep Field-South Survey: 4 Ms Source Catalogs}",
   journal = {\apjs},
 archivePrefix = "arXiv",
    eprint = {1105.5643},
  keywords = {cosmology: observations, diffuse radiation, galaxies: active, surveys, X-rays: galaxies},
      year = 2011,
     month = jul,
    volume = 195,
       eid = {10},
     pages = {10},
       doi = {10.1088/0067-0049/195/1/10},
    adsurl = {http://adsabs.harvard.edu/abs/2011ApJS..195...10X},
   adsnote = {Provided by the SAO/NASA Astrophysics Data System}
 }

 @ARTICLE{Ueda2008,
    author = {{Ueda}, Y. and {Watson}, M.~G. and {Stewart}, I.~M. and {Akiyama}, M. and 
 	{Schwope}, A.~D. and {Lamer}, G. and {Ebrero}, J. and {Carrera}, F.~J. and 
 	{Sekiguchi}, K. and {Yamada}, T. and {Simpson}, C. and {Hasinger}, G. and 
 	{Mateos}, S.},
     title = "{The Subaru/XMM-Newton Deep Survey (SXDS). III. X-Ray Data}",
   journal = {\apjs},
 archivePrefix = "arXiv",
    eprint = {0806.2846},
  keywords = {catalogs, diffuse radiation, galaxies: active, X-rays: galaxies, X-rays: general},
      year = 2008,
     month = nov,
    volume = 179,
     pages = {124-141},
       doi = {10.1086/591083},
    adsurl = {http://adsabs.harvard.edu/abs/2008ApJS..179..124U},
   adsnote = {Provided by the SAO/NASA Astrophysics Data System}
 }

 @ARTICLE{Kimura2010,
    author = {{Kimura}, M. and {Maihara}, T. and {Iwamuro}, F. and {Akiyama}, M. and 
 	{Tamura}, N. and {Dalton}, G.~B. and {Takato}, N. and {Tait}, P. and 
 	{Ohta}, K. and {Eto}, S. and {Mochida}, D. and {Elms}, B. and 
 	{Kawate}, K. and {Kurakami}, T. and {Moritani}, Y. and {Noumaru}, J. and 
 	{Ohshima}, N. and {Sumiyoshi}, M. and {Yabe}, K. and {Brzeski}, J. and 
 	{Farrell}, T. and {Frost}, G. and {Gillingham}, P.~R. and {Haynes}, R. and 
 	{Moore}, A.~M. and {Muller}, R. and {Smedley}, S. and {Smith}, G. and 
 	{Bonfield}, D.~G. and {Brooks}, C.~B. and {Holmes}, A.~R. and 
 	{Curtis Lake}, E. and {Lee}, H. and {Lewis}, I.~J. and {Froud}, T.~R. and 
 	{Tosh}, I.~A. and {Woodhouse}, G.~F. and {Blackburn}, C. and 
 	{Content}, R. and {Dipper}, N. and {Murray}, G. and {Sharples}, R. and 
 	{Robertson}, D.~J.},
     title = "{Fibre Multi-Object Spectrograph (FMOS) for the Subaru Telescope}",
   journal = {\pasj},
  keywords = {cosmology: observations, instrumentation: spectrographs, surveys, telescopes: Subaru},
      year = 2010,
     month = oct,
    volume = 62,
     pages = {1135-1147},
       doi = {10.1093/pasj/62.5.1135},
    adsurl = {http://adsabs.harvard.edu/abs/2010PASJ...62.1135K},
   adsnote = {Provided by the SAO/NASA Astrophysics Data System}
 }


 @ARTICLE{Schulze2018,
    author = {{Schulze}, A. and {Silverman}, J.~D. and {Kashino}, D. and {Akiyama}, M. and 
 	{Schramm}, M. and {Sanders}, D. and {Kartaltepe}, J. and {Daddi}, E. and 
 	{Rodighiero}, G. and {Renzini}, A. and {Arimoto}, N. and {Nagao}, T. and 
 	{Puglisi}, A. and {Trakhtenbrot}, B. and {Civano}, F. and {Suh}, H.
 	},
     title = "{An FMOS Survey of moderate-luminosity broad-line AGN in COSMOS, SXDS and E-CDF-S}",
   journal = {ArXiv e-prints},
 archivePrefix = "arXiv",
    eprint = {1810.07445},
  keywords = {Astrophysics - Astrophysics of Galaxies, Astrophysics - Cosmology and Nongalactic Astrophysics},
      year = 2018,
     month = oct,
    adsurl = {http://adsabs.harvard.edu/abs/2018arXiv181007445S},
   adsnote = {Provided by the SAO/NASA Astrophysics Data System}
 }

 @ARTICLE{Matsuoka2013,
    author = {{Matsuoka}, K. and {Silverman}, J.~D. and {Schramm}, M. and 
 	{Steinhardt}, C.~L. and {Nagao}, T. and {Kartaltepe}, J. and 
 	{Sanders}, D.~B. and {Treister}, E. and {Hasinger}, G. and {Akiyama}, M. and 
 	{Ohta}, K. and {Ueda}, Y. and {Bongiorno}, A. and {Brandt}, W.~N. and 
 	{Brusa}, M. and {Capak}, P. and {Civano}, F. and {Comastri}, A. and 
 	{Elvis}, M. and {Lilly}, S.~J. and {Mainieri}, V. and {Masters}, D. and 
 	{Mignoli}, M. and {Salvato}, M. and {Trump}, J.~R. and {Taniguchi}, Y. and 
 	{Zamorani}, G. and {Alexander}, D.~M. and {Schawinski}, K.},
     title = "{A Comparative Analysis of Virial Black Hole Mass Estimates of Moderate-luminosity Active Galactic Nuclei Using Subaru/FMOS}",
   journal = {\apj},
 archivePrefix = "arXiv",
    eprint = {1301.2332},
  keywords = {black hole physics, galaxies: active, quasars: emission lines},
      year = 2013,
     month = jul,
    volume = 771,
       eid = {64},
     pages = {64},
       doi = {10.1088/0004-637X/771/1/64},
    adsurl = {http://adsabs.harvard.edu/abs/2013ApJ...771...64M},
   adsnote = {Provided by the SAO/NASA Astrophysics Data System}
 }

 @ARTICLE{Nobuta2012,
    author = {{Nobuta}, K. and {Akiyama}, M. and {Ueda}, Y. and {Watson}, M.~G. and 
 	{Silverman}, J. and {Hiroi}, K. and {Ohta}, K. and {Iwamuro}, F. and 
 	{Yabe}, K. and {Tamura}, N. and {Moritani}, Y. and {Sumiyoshi}, M. and 
 	{Takato}, N. and {Kimura}, M. and {Maihara}, T. and {Dalton}, G. and 
 	{Lewis}, I. and {Bonfield}, D. and {Lee}, H. and {Curtis-Lake}, E. and 
 	{Macaulay}, E. and {Clarke}, F. and {Sekiguchi}, K. and {Simpson}, C. and 
 	{Croom}, S. and {Ouchi}, M. and {Hanami}, H. and {Yamada}, T.
 	},
     title = "{Black Hole Mass and Eddington Ratio Distribution Functions of X-Ray-selected Broad-line AGNs at z \~{} 1.4 in the Subaru XMM-Newton Deep Field}",
   journal = {\apj},
 archivePrefix = "arXiv",
    eprint = {1211.0069},
  keywords = {galaxies: active, galaxies: evolution, galaxies: statistics, quasars: emission lines, quasars: general},
      year = 2012,
     month = dec,
    volume = 761,
       eid = {143},
     pages = {143},
       doi = {10.1088/0004-637X/761/2/143},
    adsurl = {http://adsabs.harvard.edu/abs/2012ApJ...761..143N},
   adsnote = {Provided by the SAO/NASA Astrophysics Data System}
 }

 @ARTICLE{Greene2005,
    author = {{Greene}, J.~E. and {Ho}, L.~C.},
     title = "{Estimating Black Hole Masses in Active Galaxies Using the H{$\alpha$} Emission Line}",
   journal = {\apj},
    eprint = {astro-ph/0508335},
  keywords = {Galaxies: Active, Galaxies: Jets, Galaxies: Nuclei, Galaxies: Seyfert, Galaxies: Quasars: General},
      year = 2005,
     month = sep,
    volume = 630,
     pages = {122-129},
       doi = {10.1086/431897},
    adsurl = {http://adsabs.harvard.edu/abs/2005ApJ...630..122G},
   adsnote = {Provided by the SAO/NASA Astrophysics Data System}
 }

 @article{Ben++10,
 	Adsnote = {Provided by the SAO/NASA Astrophysics Data System},
 	Adsurl = {http://adsabs.harvard.edu/abs/2010ApJ...708.1507B},
 	Archiveprefix = {arXiv},
 	Author = {{Bennert}, V.~N. and {Treu}, T. and {Woo}, {J.-H.} and {Malkan}, M.~A. and {Le Bris}, A. and {Auger}, M.~W. and {Gallagher}, S. and {Blandford}, R.~D.},
 	Doi = {10.1088/0004-637X/708/2/1507},
 	Eprint = {0911.4107},
 	Journal = {\apj},
 	Keywords = {accretion, accretion disks, black hole physics, galaxies: active, galaxies: evolution, quasars: general},
 	Month = jan,
 	Pages = {1507-1527},
 	Title = {{Cosmic Evolution of Black Holes and Spheroids. IV. The M _{BH}-L _{sph} Relation}},
 	Volume = 708,
 	Year = 2010,
 	Bdsk-Url-1 = {http://dx.doi.org/10.1088/0004-637X/708/2/1507}}
 	
 @article{Peterson2004,
 author = {B. M Peterson and L Ferrarese and K. M Gilbert and S Kaspi and M. A Malkan and D Maoz and D Merritt and H Netzer and C. A Onken and R. W Pogge and M Vestergaard and A Wandel},
 journal = {The Astrophysical Journal},
 title = {Central Masses and Broad-Line Region Sizes of Active Galactic Nuclei. II. A Homogeneous Analysis of a Large Reverberation-Mapping Database},
 abstract = {We present improved black hole masses for 35 active galactic nuclei (AGNs) based on a complete and consistent reanalysis of broad emission-line reverberation-mapping data. From objects with multiple line measurements, we find that the highest precision measure of the virial product c??V2/G, where ? is the emission-line lag relative to continuum variations and ?V is the emission-line width, is obtained by using the cross-correlation function centroid (as opposed to the cross-correlation function peak) for the time delay and the line dispersion (as opposed to FWHM) for the line width and by measuring the line width in the variable part of the spectrum. Accurate line-width measurement depends critically on avoiding contaminating features, in particular the narrow components of the emission lines. We find that the precision (or random component of the error) of reverberation-based black hole mass measurements is typically around 30%, comparable to the precision attained in measurement of black hole masses in quiescent galaxies by gas or stellar dynamical methods. Based on results presented in a companion paper by Onken et al., we provide a zero-point calibration for the reverberation-based black hole mass scale by using the relationship between black hole mass and host-galaxy bulge velocity dispersion. The scatter around this relationship implies that the typical systematic uncertainties in reverberation-based black hole masses are smaller than a factor of 3. We present a preliminary version of a mass-luminosity relationship that is much better defined than any previous attempt. Scatter about the mass-luminosity relationship for these AGNs appears to be real and could be correlated with either Eddington ratio or object inclination.},
 affiliation = {AA(Department of Astronomy, The Ohio State University, 140 West 18th Avenue, Columbus, OH 43210 pogge@astronomy.ohio-state.edu onken@astronomy.ohio-state.edu kgilbert@astro.ucsc.edu peterson@astronomy.ohio-state.edu), AB(Department of Physics and Astronomy, Rutgers University, 136 Frelinghuysen Road, Piscataway, NJ 08854 lff@physics.rutgers.edu), AC(Department of Astronomy, The Ohio State University, 140 West 18th Avenue, Columbus, OH 43210; University of California Observatoires, Lick Observatory, Universi...},
 pages = {682},
 volume = {613},
 year = {2004},
 month = {Sep},
 keywords = {GALAXIES: SEYFERT, Galaxies: Quasars: Emission Lines, Galaxies: Nuclei, Galaxies: Active},
 date-added = {2011-05-23 01:47:08 -0700},
 date-modified = {2011-05-23 01:47:08 -0700},
 doi = {10.1086/423269},
 pmid = {2004ApJ...613..682P},
 URL = {http://adsabs.harvard.edu/cgi-bin/nph-data_query?bibcode=2004ApJ...613..682P&link_type=ABSTRACT},
 local-url = {file://localhost/Users/kasperborelloschmidt/Documents/Papers/Peterson_2004_The%20Astrophysical%20Journal613_Peterson2004p9469.pdf},
 uri = {papers://2B513BA5-06E5-4CB1-A15D-43C2C6EA4BD4/Paper/p9469},
 read = {Yes},
 rating = {0}
 }
 
 @ARTICLE{Blanton07,
   author = {{Blanton}, M.~R. and {Roweis}, S.},
    title = "{K-Corrections and Filter Transformations in the Ultraviolet, Optical, and Near-Infrared}",
  journal = {\aj},
   eprint = {astro-ph/0606170},
 keywords = {galaxies: fundamental parameters, galaxies: photometry, galaxies: statistics},
     year = 2007,
    month = feb,
   volume = 133,
    pages = {734-754},
      doi = {10.1086/510127},
   adsurl = {http://adsabs.harvard.edu/abs/2007AJ....133..734B},
  adsnote = {Provided by the SAO/NASA Astrophysics Data System}
}